@article{ship-detection,
    author = {Lee, Sung-Jun and Roh, Myung-Il and Oh, Min-jae},
    year = {2020},
    pages = {415-434},
    title = {Image-based ship detection using deep learning},
    volume = {10},
    journal = {Ocean Systems Engineering},
    doi = {10.12989/ose.2020.10.4.415}
}

@article{small-ship-detection,
    title = {\textit{Z. Chen} Deep learning for autonomous ship-oriented small ship detection},
    journal = {Safety Science},
    volume = {130},
    pages = {104812},
    year = {2020},
    author = {Zhijun Chen and Depeng Chen and Yishi Zhang and Xiaozhao Cheng and Mingyang Zhang and Chaozhong Wu},
    keywords = {Autonomous ship, Small ship detection, Wasserstein generative adversarial network, Convolutional neural network, Ship safety}
}

@article{boats-recognition,
    author = {Marzuki, Marza and Rahmania, Rinny and Kusumaningrum, Penny and Akhwady, Rudhy and Sianturi, Daud and Firdaus, Yustisia and Hatori, Cecep and Chandra, Handy},
    year = {2021},
    pages = {012058},
    title = {\textit{M. Marzuki} Fishing boat detection using Sentinel-1 validated with VIIRS Data},
    volume = {925},
    journal = {IOP Conference Series: Earth and Environmental Science},
    doi = {10.1088/1755-1315/925/1/012058}
}

@article{ensamble-methods,
    author = {Rokach and Lior},
    year = {2005},
    pages = {957-980},
    title = {Ensemble Methods for Classifiers},
    journal = {The Data Mining and Knowledge Discovery Handbook},
    doi = {10.1007/0-387-25465-X_45}
}

@article{ann,
    author = {Sharkawy, Abdel-Nasser},
    year = {2020},
    pages = {8-19},
    title = {Principle of Neural Network and Its Main Types: Review},
    volume = {7},
    journal = {Journal of Advances in Applied \& Computational Mathematics},
    doi = {10.15377/2409-5761.2020.07.2}
}

@article{cnn,
    author = {Ghosh, Anirudha and Sufian, A. and Sultana, Farhana and Chakrabarti, Amlan and De, Debashis},
    year = {2020},
    pages = {519-567},
    title = {\textit{A. Ghosh} Fundamental Concepts of Convolutional Neural Network},
    isbn = {978-3-030-32643-2},
    doi = {10.1007/978-3-030-32644-9_36}
}

@article{review-on-one-stage-object-detection,
    author = {Zhang, Hang and Cloutier, Rayan},
    year = {2022},
    pages = {174181},
    title = {Review on One-Stage Object Detection Based on Deep Learning},
    volume = {7},
    journal = {EAI Endorsed Transactions on e-Learning},
    doi = {10.4108/eai.9-6-2022.174181}
}

@article{overview-of-two-stage-object-detection,
    author = {Du, Lixuan and Zhang, Rongyu and Wang, Xiaotian},
    year = {2020},
    pages = {012033},
    title = {Overview of two-stage object detection algorithms},
    volume = {1544},
    journal = {Journal of Physics: Conference Series},
    doi = {10.1088/1742-6596/1544/1/012033}
}

@article{realtime-recognition-algorythm,
    author = {Александрович Владимир Бондаренко and Павлова Валерия Анатольевна and Тупиков Владимир Алексеевич and Холод Николай Григорьевич},
    year = {2021},
    pages = {19-33},
    title = {\textit{А.В. Бондаренко} АЛГОРИТМ НЕЙРОСЕТЕВОГО РАСПОЗНАВАНИЯ НАДВОДНЫХ ОБЪЕКТОВ В РЕАЛЬНОМ ВРЕМЕНИ},
    volume = {1},
    journal = {Известия Тульского государственного университета. Технические науки},
}

@article{hmm-early-classification,
    author = {Carlson, Logan and Navalta, Dalton and Nicolescu, Monica and Nicolescu, Mircea and Woodward, Gail},
    year = {2021},
    pages = {702153},
    title = {\textit{L.Carlson} Early Classification of Intent for Maritime Domains Using Multinomial Hidden Markov Models},
    volume = {4},
    journal = {Frontiers in Artificial Intelligence},
    doi = {10.3389/frai.2021.702153}
}

@article{hmm-ship-behavior-prediction,
    author = {Zouaoui-Elloumi, Salma and Marmorat, Jean-Paul and Roy, Valérie and Maïzi, Nadia},
    year = {2011},
    title = {\textit{S. Zouaoui-Elloumi} Modeling Ship Behavior based on Hidden Markov Models},
    journal = {Proceedings of Signal Processing, Pattern Recognition, and Applications (SPPRA 2011)},
    doi = {10.2316/P.2011.721-107}
}

@article{hmm-intro,
    author = {Т.А. Гультяева and А.А. Попов},
    year = {2006},
    pages = {150-154},
    title = {ПРИМЕНЕНИЕ СКРЫТЫХ МАРКОВСКИХ МОДЕЛЕЙ С ОДНОМЕРНОЙ ТОПОЛОГИЕЙ К ЗАДАЧЕ РАСПОЗНАВАНИЯ ЛИЦ },
    volume = {1},
    journal = {Информатика и проблема телекоммуникаций},
}

@article{hmm-and-cnn,
    author = {Tur, Anıl and Keles, Hacer},
    year = {2021},
    title = {Evaluation of hidden Markov models using deep CNN features in isolated sign recognition},
    volume = {80},
    journal = {Multimedia Tools and Applications},
    doi = {10.1007/s11042-021-10593-w}
}

@article{knn-introduction,
    author = {Zhang, Zhongheng},
    year = {2016},
    pages = {218-218},
    title = {Introduction to machine learning: K-nearest neighbors},
    volume = {4},
    journal = {Annals of Translational Medicine},
    doi = {10.21037/atm.2016.03.37}
}

@article{knn-brief,
    author = {Taunk, Kashvi and De, Sanjukta and Verma, Srishti and Swetapadma, Aleena},
    year = {2019},
    pages = {1255-1260},
    title = {\textit{K. Taunk} A Brief Review of Nearest Neighbor Algorithm for Learning and Classification},
    journal = {2019 International Conference on Intelligent Computing and Control Systems (ICCS)},
    doi = {10.1109/ICCS45141.2019.9065747}
}

@article{r-cnn,
    author = {Girshick, Ross and Donahue, Jeff and Darrell, Trevor and Malik, Jitendra},
    year = {2013},
    title = {\textit{R. Girshick} Rich Feature Hierarchies for Accurate Object Detection and Semantic Segmentation},
    journal = {Proceedings of the IEEE Computer Society Conference on Computer Vision and Pattern Recognition},
    doi = {10.1109/CVPR.2014.81}
}

@article{fast-r-cnn,
    author = {Girshick, Ross},
    year = {2015},
    title = {Fast R-CNN},
    doi = {10.1109/ICCV.2015.169}
}

@article{faster-r-cnn,
    author = {Ren, Shaoqing and He, Kaiming and Girshick, Ross and Sun, Jian},
    year = {2015},
    title = {\textit{S. Ren} Faster R-CNN: Towards Real-Time Object Detection with Region Proposal Networks},
    volume = {39},
    journal = {IEEE Transactions on Pattern Analysis and Machine Intelligence},
    doi = {10.1109/TPAMI.2016.2577031}
}

@article{yolo-review,
title = {\textit{P. Jiang} A Review of Yolo Algorithm Developments},
journal = {Procedia Computer Science},
volume = {199},
pages = {1066-1073},
year = {2022},
issn = {1877-0509},
doi = {https://doi.org/10.1016/j.procs.2022.01.135},
author = {Peiyuan Jiang and Daji Ergu and Fangyao Liu and Ying Cai and Bo Ma},
keywords = {Review, Yolo, Object Detection, Public Data Analysis}
}

@article{yolo9000,
    author = {Redmon, Joseph and Farhadi, Ali},
    year = {2017},
    pages = {6517-6525},
    title = {YOLO9000: Better, Faster, Stronger},
    journal = {2017 IEEE Conference on Computer Vision and Pattern Recognition (CVPR)},
    doi = {10.1109/CVPR.2017.690}
}

@article{yolov3,
    author = {Redmon, Joseph and Farhadi, Ali},
    year = {2018},
    title = {YOLOv3: An Incremental Improvement},
}

@article{yolov3-tiny,
    author = {Li, Dongsheng and Zhang, Yujie and Xiang, Junping and Li, Jianfei and Zou, Yu},
    year = {2021},
    pages = {012073},
    title = {\textit{D. Li} Yolo-tiny-MSC: A tiny neural network for object detection},
    volume = {1873},
    journal = {Journal of Physics: Conference Series},
    doi = {10.1088/1742-6596/1873/1/012073}
}

@article{yolov7,
    author = {Wang, Chien-Yao and Bochkovskiy, Alexey and Liao, Hong-yuan},
    year = {2022},
    title = {YOLOv7: Trainable bag-of-freebies sets new state-of-the-art for real-time object detectors},
    doi = {10.48550/arXiv.2207.02696}
}

@article{yolov3-ships,
    author = {Hao, Li and Deng, Lianbing and Yang, Cheng and Liu, Jianbo and Gu, Zhaoquan},
    year = {2021},
    pages = {1-1},
    title = {\textit{L. Hao} Enhanced YOLO v3 Tiny Network for Real-time Ship Detection from Visual Image},
    volume = {PP},
    journal = {IEEE Access},
    doi = {10.1109/ACCESS.2021.3053956}
}

@article{ssd,
    author = {Liu, Wei and Anguelov, Dragomir and Erhan, Dumitru and Szegedy, Christian and Reed, Scott and Fu, Cheng-Yang and Berg, Alexander},
    year = {2016},
    pages = {21-37},
    title = {\textit{W. Liu} SSD: Single Shot MultiBox Detector},
    volume = {9905},
    isbn = {978-3-319-46447-3},
    doi = {10.1007/978-3-319-46448-0_2}
}

@article{mobile-ssd,
    author = {Younis, Ayesha and Shixin, Li and Jn, Shelembi and Hai, Zhang},
    year = {2020},
    pages = {44-48},
    title = {\textit{A. Younis} Real-Time Object Detection Using Pre-Trained Deep Learning Models MobileNet-SSD},
    journal = {International Journal for Research in Applied Science \& Engineering Technology (IJRASET)},
    doi = {10.1145/3379247.3379264}
}

@misc{coco-benchmark,
    title="COCO - Common Objects in Context [Электронный ресурс]",
    howpublished="Режим доступа: \url{https://cocodataset.org/} (Дата обращения: 20.11.2022)"
}

@misc{pascal-voc-dataset,
    title="PASCAL VOC Dataset | Papers With Code [Электронный ресурс]",
    howpublished="Режим доступа: \url{http://host.robots.ox.ac.uk/pascal/VOC/} (Дата обращения: 20.11.2022)"
}













@article{imaging-polarimetry,
author = {Harchanko, John and Chenault, David},
year = {2005},
month = {08},
pages = {},
title = {Water-surface object detection and classification using imaging polarimetry},
doi = {10.1117/12.623542}
}

@inproceedings{Bao2021RecognitionOF,
  title={Recognition of Floating Objects on Water Surface --Based on Improved Residual Network},
  author={Jiasong Bao and Xixia Huang and Ke Ji},
  year={2021}
}

@article{LOU2022108041,
    title = {Generative knowledge transfer for ship detection in SAR images},
    journal = {Computers and Electrical Engineering},
    volume = {101},
    pages = {108041},
    year = {2022},
    issn = {0045-7906},
    doi = {https://doi.org/10.1016/j.compeleceng.2022.108041},
    url = {https://www.sciencedirect.com/science/article/pii/S0045790622003020},
    author = {Xin Lou and Yicheng Liu and Ziwei Xiong and Han Wang},
    keywords = {SAR, Object detection, Deep learning, Image generation, Generative adversarial network}
}

@article{urban-water,
    author = {Song, Shiran and Jianhua, Liu and Yuan, Liu and Feng, Guoqiang and Han, Hui and Yao, Yuan and Du, Mingyi},
    year = {2020},
    month = {01},
    pages = {397},
    title = {Intelligent Object Recognition of Urban Water Bodies Based on Deep Learning for Multi-Source and Multi-Temporal High Spatial Resolution Remote Sensing Imagery},
    volume = {20},
    journal = {Sensors},
    doi = {10.3390/s20020397}
}

@article{naval-ship,
    author = {García, I. and Zölzer, Udo},
    year = {2012},
    month = {09},
    pages = {141-144},
    title = {Naval ship recognition},
    volume = {10},
    journal = {Advances in Radio Science},
    doi = {10.5194/ars-10-141-2012}
}

@article{ship-recognition,
    author = {Chaturvedi, Sudhir and Yang, Chan-Su and Ouchi, Kazuo and Shanmugam, Palanisamy},
    year = {2012},
    month = {04},
    pages = {},
    title = {Ship recognition by integration of SAR and AIS},
    volume = {65},
    journal = {Journal of Navigation},
    doi = {10.1017/S0373463311000749}
}

@book{book,
    author = {Goltsev, Alexander},
    year = {2005},
    month = {08},
    pages = {},
    title = {НЕЙРОННЫЕ СЕТИ С АНСАМБЛЕВОЙ ОРГАНИЗАЦИЕЙ (NEURAL NETWORKS WITH THE ASSEMBLY ORGANIZATION)},
    isbn = {966-00-0520-2}
}

@article{faster-r-cnn-water-surface,
    author = {Zhang, Lili and Zhang, Yi and Zhang, Zhen and Shen, Jie and Wang, Huibin},
    year = {2019},
    month = {08},
    pages = {3523},
    title = {Real-Time Water Surface Object Detection Based on Improved Faster R-CNN},
    volume = {19},
    journal = {Sensors},
    doi = {10.3390/s19163523}
}

@article{yolor,
    author = {Wang, Chien-Yao and Yeh, I-Hau and Liao, Hong-yuan},
    year = {2021},
    month = {05},
    pages = {},
    title = {You Only Learn One Representation: Unified Network for Multiple Tasks}
}